<?xml version="1.0" encoding="UTF-8"?><collection xmlns="http://www.loc.gov/MARC21/slim"><record><leader>00635nam--2200205-i-4500</leader><controlfield tag="001">000039261</controlfield><controlfield tag="002">20161230</controlfield><controlfield tag="005">20161230201042</controlfield><controlfield tag="008">060222s1000------------r-----000-0-rum-d</controlfield><datafield ind1=" " ind2=" " tag="040"><subfield code="a">IFIN-HH</subfield></datafield><datafield ind1=" " ind2=" " tag="041"><subfield code="a">rum</subfield></datafield><datafield ind1=" " ind2=" " tag="080"><subfield code="a">53</subfield></datafield><datafield ind1="1" ind2=" " tag="100"><subfield code="a">Andreev, N.N</subfield></datafield><datafield ind1="1" ind2="0" tag="245"><subfield code="a">Curs de fizica. mecanica, acustica, caldura si fizica moleculara. vol. i</subfield><subfield code="b">Traducere din limba rusa</subfield><subfield code="c">N.n. andreev, s.n. rjevkin, g.s. gorelik</subfield></datafield><datafield ind1=" " ind2=" " tag="260"><subfield code="a">Bucuresti</subfield><subfield code="b">Editura Tehnica</subfield><subfield code="c">1951</subfield></datafield><datafield ind1=" " ind2=" " tag="300"><subfield code="a">536 P. + ERATA</subfield></datafield><datafield ind1=" " ind2=" " tag="500"><subfield code="a">Titlul Original In Limba Rusa: Kurs Fiziki Tom I</subfield></datafield><datafield ind1="1" ind2=" " tag="700"><subfield code="a">Gorelik, G.S</subfield></datafield><datafield ind1=" " ind2=" " tag="852"><subfield code="a">3501</subfield><subfield code="c">53</subfield></datafield><datafield ind1=" " ind2=" " tag="CAT"><subfield code="a">Sys</subfield><subfield code="c">20150112</subfield><subfield code="h">170738</subfield></datafield></record></collection>